@article{saltelli2002making,
  title={Making best use of model evaluations to compute sensitivity indices},
  author={Saltelli, Andrea},
  journal={Computer Physics Communications},
  volume={145},
  number={2},
  pages={280--297},
  year={2002},
  publisher={Elsevier},
  url={https://doi.org/10.1016/S0010-4655(02)00280-1}
}

@book{Kennedy1980,
  title = {Statistical Computing},
  author = {Kennedy and Gentle},
  year = {1980},
  publisher = {Marcel Dekker}
}


@book{johnson1994continuous,
  title = {Continuous Univariate Distributions},
  author = {Johnson, N. L. and Kotz, S. and Balakrishnan, N.},
  year = {1994},
  publisher = {Wiley},
  volume = {1},
  chapter = {12}
}
