@Article{hales15homogenization,
    author = "Hales, J. D. and Tonks, M. R. and Chockalingam, K. and Perez, D. M. and Novascone, S. R. and Spencer, B. W. and Williamson, R. L.",
    title = "Asymptotic expansion homogenization for multiscale nuclear fuel analysis",
    journal = "Computational Materials Science",
    year = "2015",
    volume = "99",
    month = "March",
    pages = "290--297",
    doi = "10.1016/j.commatsci.2014.12.039",
    url = "http://dx.doi.org/10.1016/j.commatsci.2014.12.039"
}
